3548 5174
649 370 674 446 6
964 361 1400 442 trenurnrrd.¹

761 600 932 699 Interim
957 603 1203 694 undecimus
1227 603 1277 692 ab
1293 601 1482 696 editione
1502 629 1731 698 nouorum

651 799 853 891 generum
875 771 1057 860 vertitur
1078 798 1221 859 annus·
1280 769 1453 889 Species
1478 771 1729 890 plantarum

650 945 919 1063 complures,
946 949 1109 1036 anobis
1132 948 1315 1066 primum
1341 946 1546 1062 detedlae,
1571 951 1727 1040 alienis

651 1116 763 1206 curis
787 1077 1041 1231 prodierunt
1062 1116 1106 1202 iu
1130 1114 1292 1228 lucem,
1318 1115 1403 1206 srue
1427 1118 1546 1238 quod
1562 1119 1607 1206 in
1621 1117 1727 1208 solo

650 1288 779 1382 natali
795 1289 946 1377 iterum
971 1289 1252 1407 deprehensae
1275 1289 1460 1405 fuerunt,
1485 1291 1571 1382 s1ue
1581 1293 1724 1414 quod,

652 1457 729 1546 etsi
753 1458 922 1586 anobis
945 1478 1179 1570 mutuatae,
1229 1459 1367 1546 alieno
1395 1457 1559 1577 nomini
1582 1459 1726 1547 minus

651 1624 848 1742 religiose
875 1627 969 1713 illae
994 1625 1185 1714 addidae
1209 1624 1314 1714 sunt.
1379 1624 1522 1716 Facile
1547 1626 1723 1748 quidem

652 1795 828 1908 tolerari
871 1815 1044 1909 poterat
1088 1793 1245 1880 iadtura
1288 1793 1498 1908 tantillae,
1557 1793 1721 1884 inuenti

652 1969 853 2086 legitimis
882 1969 1121 2057 aucloribus
1148 1970 1307 2086 erepti,
1333 1969 1552 2086 gloriolae.
1634 1969 1722 2060 Sed

653 2171 743 2234 non
782 2146 927 2262 potuit
966 2173 1055 2232 non
1104 2145 1256 2234 vitium
1304 2143 1527 2263 subrepere
1571 2139 1723 2235 descri-

586 2349 587 2354 ‘
652 2313 881 2431 pti-unculis
922 2312 1064 2400 alienis
1107 2313 1224 2401 iuxta
1255 2310 1363 2400 steca
1391 2311 1630 2429 plantarum
1654 2322 1742 2404 en·¹

653 2481 857 2594 emplaria
892 2476 1106 2595 congestis
1152 2497 1196 2568 et
1228 2460 1476 2570 festinanter
1515 2481 1639 2569 nimis
1676 2481 1720 2571 in

653 2633 838 2742 medium
864 2654 1056 2768 prolatis.
1114 2653 1237 2772 Quae
1267 2683 1361 2745 cum
1387 2655 1445 2742 ita
1469 2649 1612 2766 essent,
1637 2655 1721 2744 iam

651 2823 770 2914 ultro
822 2821 996 2909 videbar
1046 2819 1290 2942 adstipulari
1342 2822 1589 2937 erroribus,
1676 2825 1721 2914 ni

653 3000 823 3116 publice
855 3000 899 3086 in
933 2967 1106 3089 eosdem
1132 3001 1519 3091 animaduerterem.
1598 2997 1722 3092 Atta·

653 3193 751 3254 men
779 3167 950 3277 cadem,
1002 3196 1109 3288 quae
1133 3168 1262 3281 olim,
1311 3167 1524 3260 obstacula
1552 3196 1719 3294 manum

652 3332 804 3431 nostro
840 3334 983 3453 operi·
1004 3334 1217 3424 admotam
1259 3336 1462 3426 inhibent.
1544 3333 1633 3457 Qui
1674 3337 1717 3425 in

654 3509 915 3628 colligendas
948 3509 1068 3600 hasce
1100 3532 1272 3604 naturae
1305 3512 1472 3610 diuitias
1496 3539 1565 3642 aes
1587 3509 1718 3627 publi·

656 3707 751 3766 cum
780 3679 1105 3798 impenderunt,
1163 3679 1215 3770 ad
1241 3679 1466 3770 earundem
1492 3677 1717 3767 communi·

656 3849 866 3937 cationem
893 3841 987 3938 cum
1005 3853 1109 3938 orbe
1127 3847 1295 3962 erudito
1319 3846 1476 3936 sumtus
1501 3853 1716 3980 denegant,

653 4021 812 4110 librarii
854 4023 1162 4156 redemtionem
1209 4020 1400 4114 recusant
1412 4049 1432 4137 ς
1489 4037 1607 4110 vetat
1633 4042 1717 4146 res

1179 4174 1190 4188 ‘
1212 4173 1216 4180 ⁵
1509 4184 1716 4280 familiaris
